<?xml version="1.0" encoding="UTF-8"?><collection><record><leader>06930ntm a2200601 a 4500</leader><controlfield tag="001">006803570</controlfield><controlfield tag="003">MiAaHDL</controlfield><controlfield tag="005">20190719000000.0</controlfield><controlfield tag="006">m        d        </controlfield><controlfield tag="007">cr bn ---auaua</controlfield><controlfield tag="008">090527s1777    tu            00| ||ara d</controlfield><datafield tag="035" ind1=" " ind2=" "><subfield code="a">(MiU)006803570</subfield></datafield><datafield tag="035" ind1=" " ind2=" "><subfield code="a">sdr-miu006803570</subfield></datafield><datafield tag="040" ind1=" " ind2=" "><subfield code="a">MiU</subfield><subfield code="c">MiU</subfield><subfield code="e">amremm</subfield></datafield><datafield tag="043" ind1=" " ind2=" "><subfield code="a">n-us-mi</subfield></datafield><datafield tag="100" ind1="1" ind2=" "><subfield code="6">880-02</subfield><subfield code="a">Ḥalabī, Ibrāhīm ibn Muḥammad,</subfield><subfield code="d">-1549 or 1550.</subfield></datafield><datafield tag="245" ind1="1" ind2="0"><subfield code="6">880-03</subfield><subfield code="a">Kitāb al-Tātārkhānīyah min Kitāb al-farāʼid,</subfield><subfield code="f">[1191, i.e. 1777].</subfield></datafield><datafield tag="246" ind1="3" ind2=" "><subfield code="i">Title from close (p.497):</subfield><subfield code="a">تاتارخان في الفرائض</subfield></datafield><datafield tag="260" ind1=" " ind2=" "><subfield code="a">[Mardin,</subfield><subfield code="c">1777].</subfield></datafield><datafield tag="300" ind1=" " ind2=" "><subfield code="a">248 leaves :</subfield><subfield code="b">paper ;</subfield><subfield code="c">216 x 178 (165-170 x 95-110) mm.</subfield></datafield><datafield tag="500" ind1=" " ind2=" "><subfield code="a">Shelfmark: Ann Arbor, University of Michigan, Special Collections Library, Isl. Ms. 560</subfield></datafield><datafield tag="500" ind1=" " ind2=" "><subfield code="a">Origin: As appears in colophon on p.497 and statement on p.498, copied by al-Sayyid Muḥammad ibn al-Ḥājj Zaynī [Zayn al-Dīn ?] ibn al-Ḥājj Isḥāq al-Kalajī [al-Karajī ?] (Mehmet b. Zeyni b. İshak el-Keleci [Keleçi ?]) in Mārdīn (Mardin). Dated statement following patronage statement on p.498 indicates copy was completed 18 Rabīʻ II 1191 [ca. 26 May 1777].</subfield></datafield><datafield tag="500" ind1=" " ind2=" "><subfield code="a">Accompanying materials: a. Two inventory cataloguing slips in hand of Winifred Smeaton Thomas -- b. Acquisitions slip from Yahuda -- c. Note with accounts (paginated pp.203-204).</subfield></datafield><datafield tag="500" ind1=" " ind2=" "><subfield code="a">Former shelfmark: From interior of upper cover, 'title page' (p.1) and spine label "IL 37" (likely supplied by Yahuda, see acquisitions slip).</subfield></datafield><datafield tag="500" ind1=" " ind2=" "><subfield code="a">Binding: Pasteboards covered in tan leather ; Type II binding (with flap) ; doublures (board linings) in a pink decorative paper with block-printed floral design in blue, green and an iridescent bronze ; upper and lower covers carry stamped (with onlays) mandorla and pendants (filled with symmetrical vegetal composition), as well as tooled border ; sewn in red-orange thread, two stations ; worked chevron endbands in yellow and cream, fairly good condition ; overall in somewhat fair condition though with significant staining, some abrasion, etc.</subfield></datafield><datafield tag="500" ind1=" " ind2=" "><subfield code="a">Support: European laid paper mainly with 9 laid lines per cm. (vertical), chain lines spaced 26 mm. apart (horizontal), and "I" watermark (see p.150, etc.), quite dense and sturdy, well-burnished ; another type with 6 laid lines per cm. (vertical), chain lines spaced 24 mm. apart (horizontal), and "P S" mark visible (see p.452, 453, etc.) ; quire carrying pp.121-140 in a type with 12 laid lines per cm. (vertical), chain lines spaced 24 mm. apart (horizontal), and scrollwork watermark (see p.130, 131, etc.).</subfield></datafield><datafield tag="500" ind1=" " ind2=" "><subfield code="a">Decoration: Keywords, section headings, titles of referenced works, and abbreviation symbols rubricated ; textual dividers in the form of red hāʼ, three dots, etc.</subfield></datafield><datafield tag="500" ind1=" " ind2=" "><subfield code="a">Script: Naskh ; fine Turkish [Crimean?] hand, varying slightly in size and thickness across sections ; partially seriffed with right-sloping head-serifs mainly on free-standing alif and lām al-taʻrīf, effect of tilt to the left, rounded with curvilinear descenders, pointing in strokes rather than distinct dots, point of final nūn set deep, almost encircled by bowl.</subfield></datafield><datafield tag="500" ind1=" " ind2=" "><subfield code="a">Layout: Written in 17 to 23 lines per page.</subfield></datafield><datafield tag="500" ind1=" " ind2=" "><subfield code="a">Collation: 24 V(240), IV+1-1 (248) ; almost exclusively quinions ; catchwords present ; pagination in pencil, Western numerals, supplied during digitization (includes some inserts).</subfield></datafield><datafield tag="500" ind1=" " ind2=" "><subfield code="a">Colophon: "Scribal," triangular, reads "تم الكتاب بعون الله الملك الوهاب ... على يد الحقير الفقير ... السيد محمد بن الحاج زيني [زين الدين ؟] بن الحاج اسحاق الكلجي [الكرجي ؟] غفر الله له ولوالديه وللمؤمنين ولمن احسن اليهما وعلى روحهما الفاتحة م"</subfield></datafield><datafield tag="500" ind1=" " ind2=" "><subfield code="a">Explicit: "وقال ثبت للورثة ابتداء ويجوز ان يقال لا تورث عند ابي ح ويورث عندهما والولاء لا يورث بلا خلاف تاتارخان في الفرائض تم الكتاب وبالله التوفيق م م م م"</subfield></datafield><datafield tag="500" ind1=" " ind2=" "><subfield code="a">Incipit: "المسائل المتعلقة بالطهارة الحوض اذا كان مدورا فوقعت فيه النجاسة تعتبر فيه ثمانية واربعين ذراعا حتى ان ما دونه لا يجوز التوضي فيه ..."</subfield></datafield><datafield tag="500" ind1=" " ind2=" "><subfield code="a">Title from inscription on 'title page' (p.1).</subfield></datafield><datafield tag="500" ind1=" " ind2=" "><subfield code="a">Ms. codex.</subfield></datafield><datafield tag="510" ind1="4" ind2=" "><subfield code="a">Ḥājjī Khalīfah. Kashf al-ẓunūn,</subfield><subfield code="c">ii 90, no. 2039</subfield></datafield><datafield tag="510" ind1="4" ind2=" "><subfield code="a">Brockelmann, C. GAL,</subfield><subfield code="c">II 432 (no. 4) ; S II 643</subfield></datafield><datafield tag="520" ind1="8" ind2=" "><subfield code="a">Fine copy of an extract, perhaps that prepared by the famous Ḥanafī author Burhān al-Dīn Ibrāhīm ibn Muḥammad al-Ḥalabī (d.1549) listed in GAL as al-Fawāʼid al-muntakhabah min al-Fatāwá al-Tātārkhānīyah, from the compilation of legal decisions from various sources, al-Fatāwá al-Tātārkhānīyah.</subfield></datafield><datafield tag="538" ind1=" " ind2=" "><subfield code="a">Mode of access: Internet.</subfield></datafield><datafield tag="541" ind1=" " ind2=" "><subfield code="a">Acquired in 1926 from the bookseller Isaac Benjamin S.E. Yahuda via purchase transacted on his behalf by Abraham Shalom Yahuda (1877-1951), his younger brother.</subfield></datafield><datafield tag="546" ind1=" " ind2=" "><subfield code="a">Arabic.</subfield></datafield><datafield tag="561" ind1=" " ind2=" "><subfield code="a">Patronage statement ("برسم حضرت مولانا ... مولا ... ابن حضرة سندنا ومولانا ... المولي ... ابي السعادات...") at close on p.498 dated 18 Rabīʻ II 1191 [ca. 26 May 1777], name of patron unclear (several lacunae) ; also on p.498, statements in a different hand (not that of the copyist) repeating the date and identifying the copyist (with name variants, Zayn al-Dīn rather than Zaynī and al-Karajī rather than al-Kalajī) and place of copying, e.g. "كتبه الفقير الحقير صاحب الذنب والتقصير السيد محمد بن الحاج زين الدين بن الحاج اسحاق الكرجي في ماردين عفي عنه" ; occasional marginal corrections and notabilia.</subfield></datafield><datafield tag="650" ind1=" " ind2="0"><subfield code="a">Manuscripts, Arabic</subfield><subfield code="z">Michigan</subfield><subfield code="z">Ann Arbor.</subfield></datafield><datafield tag="650" ind1=" " ind2="0"><subfield code="a">Hanafites</subfield><subfield code="v">Early works to 1800.</subfield></datafield><datafield tag="650" ind1=" " ind2="0"><subfield code="a">Islamic law</subfield><subfield code="x">Interpretation and construction</subfield><subfield code="v">Early works to 1800.</subfield></datafield><datafield tag="650" ind1=" " ind2="0"><subfield code="a">Fatwas</subfield><subfield code="v">Early works to 1800.</subfield></datafield><datafield tag="700" ind1="0" ind2=" "><subfield code="6">880-05</subfield><subfield code="a">Muḥammad ibn Zaynī ibn Isḥāq al-Kalajī,</subfield><subfield code="d">fl. 1777,</subfield><subfield code="e">scribe.</subfield></datafield><datafield tag="700" ind1="0" ind2=" "><subfield code="6">880-04</subfield><subfield code="a">ʻĀlim ibn ʻAlāʼ,</subfield><subfield code="d">-1384 or 1385.</subfield><subfield code="t">Fatāwá al-Tātārkhānīyah.</subfield><subfield code="k">Selections.</subfield></datafield><datafield tag="773" ind1="0" ind2=" "><subfield code="a">Yahuda Collection.</subfield></datafield><datafield tag="880" ind1="0" ind2=" "><subfield code="6">700-05/</subfield><subfield code="a">محمد بن زيني بن اسحاق الكلجي،</subfield><subfield code="e">ناسخ.</subfield></datafield><datafield tag="880" ind1="0" ind2=" "><subfield code="6">700-04/</subfield><subfield code="a">عالم بن علاء.</subfield><subfield code="e">فتاوى التاتارخانية.</subfield><subfield code="t">مختارات.</subfield></datafield><datafield tag="880" ind1="1" ind2="0"><subfield code="6">245-03/</subfield><subfield code="a">كتاب التاتارخانية من كتاب الفرائض,</subfield><subfield code="f">[1191ه، 1777م].</subfield></datafield><datafield tag="880" ind1="1" ind2=" "><subfield code="6">100-02/</subfield><subfield code="a">حلبي، ابارهيم بن محمد.</subfield></datafield><datafield tag="CID" ind1=" " ind2=" "><subfield code="a">006803570</subfield></datafield><datafield tag="DAT" ind1="0" ind2=" "><subfield code="a">20190719102636.0</subfield><subfield code="b">20190719000000.0</subfield></datafield><datafield tag="DAT" ind1="1" ind2=" "><subfield code="a">20190719090653.0</subfield><subfield code="b">2019-07-19T16:11:37Z</subfield></datafield><datafield tag="DAT" ind1="2" ind2=" "><subfield code="a">2015-10-02T18:00:03Z</subfield></datafield><datafield tag="CAT" ind1=" " ind2=" "><subfield code="a">SDR-MIU</subfield><subfield code="d">EX LIBRIS - ALEPH</subfield><subfield code="l">prepare.pl-004-008</subfield></datafield><datafield tag="FMT" ind1=" " ind2=" "><subfield code="a">BK</subfield></datafield><datafield tag="HOL" ind1=" " ind2=" "><subfield code="0">sdr-miu006803570</subfield><subfield code="a">MiU</subfield><subfield code="b">SDR</subfield><subfield code="c">MIU</subfield><subfield code="p">mdp.39015079126549</subfield><subfield code="s">MIU</subfield><subfield code="1">006803570</subfield></datafield><datafield tag="974" ind1=" " ind2=" "><subfield code="b">MIU</subfield><subfield code="c">MIU</subfield><subfield code="d">20190719</subfield><subfield code="s">lit-dlps-dc</subfield><subfield code="u">mdp.39015079126549</subfield><subfield code="y">1777</subfield><subfield code="r">pd</subfield><subfield code="q">bib</subfield><subfield code="t">non-US bib date1 &lt; 1896</subfield></datafield></record></collection>